@inproceedings{secondev,
  author = {Taher H. Haveliwala and Sepandar D. Kamvar},
  title  = {The Second Eigenvalue of the Google Matrix},
  booktitle = {Stanford University Technical Report},
  year = 2003,
}
@misc{ pow-it,
    author = "Wikipedia",
    title = "Power iteration --- Wikipedia{,} The Free Encyclopedia",
    year = "2017",
    url = "https://en.wikipedia.org/w/index.php?title=Power_iteration&oldid=786734631",
    note = "[Online; accessed
25-August-2017
]"
  }
@article{robinson,
   ISSN = {00029890, 19300972},
   URL = {http://www.jstor.org/stable/2308012},
   author = {Herbert Robbins},
   journal = {The American Mathematical Monthly},
   number = {1},
   pages = {26-29},
   publisher = {Mathematical Association of America},
   title = {A Remark on Stirling's Formula},
   volume = {62},
   year = {1955}
  }
@techreport{polylog,
  author = {David Wood},
  title = {The Computation of Polylogarithms},
  month = {June},
  year = {1992},
  pages = {182-196},
  keywords = {determinacy analysis, Craig interpolants},
  note = {},
  doi = {},
  url = {http://www.cs.kent.ac.uk/pubs/1992/110},
      address = {University of Kent, Canterbury, UK},
      hensa_abstractfilename = {pub/misc/ukc.reports/comp.sci/abstracts/15-92},
      hensa_ftpaddress = {unix.hensa.ac.uk},
      hensa_reportfilename = {pub/misc/ukc.reports/comp.sci/reports/15-92.ps.Z},
      institution = {University of Kent, Computing Laboratory},
      number = {15-92*},
  }
