@inproceedings{secondev,
  author = {Taher H. Haveliwala and Sepandar D. Kamvar},
  title  = {The Second Eigenvalue of the Google Matrix},
  booktitle = {Stanford University Technical Report},
  year = 2003,
}
@misc{ pow-it,
    author = "Wikipedia",
    title = "Power iteration --- Wikipedia{,} The Free Encyclopedia",
    year = "2017",
    url = "https://en.wikipedia.org/w/index.php?title=Power_iteration&oldid=786734631",
    note = "[Online; accessed
25-August-2017
]"
  }
